@article{cybenko_1989, title={Approximation by superpositions of a sigmoidal function}, volume={5}, DOI={10.1007/bf02134016}, number={4}, journal={Mathematics of Control, Signals, and Systems}, author={Cybenko, G.}, year={1989}, pages={455–455}} 

@article{hornik_1991, title={Approximation capabilities of multilayer feedforward networks}, volume={4}, DOI={10.1016/0893-6080(91)90009-t}, number={2}, journal={Neural Networks}, author={Hornik, Kurt}, year={1991}, pages={251–257}}



@article{arora_basu_mianjy_mukherjee_2018,
  author    = {Raman Arora and
               Amitabh Basu and
               Poorya Mianjy and
               Anirbit Mukherjee},
  title     = {Understanding Deep Neural Networks with Rectified Linear Units},
  journal   = {CoRR},
  volume    = {abs/1611.01491},
  year      = {2016},
  url       = {http://arxiv.org/abs/1611.01491},
  archivePrefix = {arXiv},
  eprint    = {1611.01491},
  timestamp = {Mon, 13 Aug 2018 16:47:06 +0200},
  biburl    = {https://dblp.org/rec/journals/corr/AroraBMM16.bib},
  bibsource = {dblp computer science bibliography, https://dblp.org}
}


@article{hanin_sellke_2018,
  title={Approximating Continuous Functions by ReLU Nets of Minimal Width},
  author={B. Hanin and Mark Sellke},
  journal={ArXiv},
  year={2017},
  volume={abs/1710.11278}
}

@article{guss2018,
  title={On Characterizing the Capacity of Neural Networks using Algebraic Topology},
  author={William H. Guss and R. Salakhutdinov},
  journal={ArXiv},
  year={2018},
  volume={abs/1802.04443}
}

@inproceedings{raghu2017,
  title={On the Expressive Power of Deep Neural Networks},
  author={M. Raghu and Ben Poole and J. Kleinberg and S. Ganguli and Jascha Sohl-Dickstein},
  booktitle={ICML},
  year={2017}
}

@article{wang_2005,
author = {Wang, S. and Sun, X.},
title = {Generalization of Hinging Hyperplanes},
year = {2005},
issue_date = {December 2005},
publisher = {IEEE Press},
volume = {51},
number = {12},
issn = {0018-9448},
url = {https://doi.org/10.1109/TIT.2005.859246},
doi = {10.1109/TIT.2005.859246},
journal = {IEEE Trans. Inf. Theor.},
month = dec,
pages = {4425–4431},
numpages = {7},
}

  


